<record><leader>00000cas a2200000 a 4500</leader><controlfield tag="001">12378915</controlfield><controlfield tag="008">850813d18911891ksuwr ne      0    0eng d</controlfield><datafield ind1=" " ind2=" " tag="010"><subfield code="a">sn 85031784 </subfield></datafield><datafield ind1=" " ind2=" " tag="040"><subfield code="a">KSH</subfield><subfield code="b">eng</subfield><subfield code="c">KSH</subfield><subfield code="d">NPT</subfield><subfield code="d">OCL</subfield><subfield code="d">OCLCQ</subfield></datafield><datafield ind1=" " ind2=" " tag="042"><subfield code="a">msc</subfield></datafield><datafield ind1="0" ind2=" " tag="130"><subfield code="a">Comet (Little River, Kan.)</subfield></datafield><datafield ind1="1" ind2="4" tag="245"><subfield code="a">The comet.</subfield></datafield><datafield ind1=" " ind2=" " tag="260"><subfield code="a">Little River, Kan. :</subfield><subfield code="b">J.F. Wilcox,</subfield><subfield code="c">1891.</subfield></datafield><datafield ind1=" " ind2=" " tag="300"><subfield code="a">1 v. :</subfield><subfield code="b">ill. ;</subfield><subfield code="c">54 cm.</subfield></datafield><datafield ind1=" " ind2=" " tag="310"><subfield code="a">Weekly</subfield></datafield><datafield ind1="0" ind2=" " tag="362"><subfield code="a">Vol. 1, no. 1 (May 15, 1891)-v. 1, no. 33 (Dec. 23, 1891).</subfield></datafield><datafield ind1=" " ind2=" " tag="500"><subfield code="a">Published by E.S. Crone, Oct. 30-Dec. 23, 1891.</subfield></datafield><datafield ind1=" " ind2=" " tag="752"><subfield code="a">United States</subfield><subfield code="b">Kansas</subfield><subfield code="c">Rice</subfield><subfield code="d">Little River.</subfield></datafield><datafield ind1="0" ind2="4" tag="785"><subfield code="t">Little River monitor</subfield><subfield code="w">(OCoLC)11425462</subfield></datafield></record>